@ARTICLE{Perez:03,
  author =	 {P\'erez, Patrick and Gangnet, Michel and Blake,
                  Andrew},
  title =	 {Poisson image editing},
  year =	 2003,
  pages =	 {313-318},
  journal =	 {ACM Transactions on Graphics},
  volume =	 22,
  number =	 3
}

@INPROCEEDINGS{Debevec:97,
  author =	 {Debevec, P. E. and Malik, J.},
  title =	 {Recovering High Dynamic Range Radiance Maps from
                  Photographs},
  booktitle =	 {Proceedings of SIGGRAPH 97},
  series =	 {Computer Graphics Proceedings},
  year =	 1997,
  pages =	 {369-378}
}

@ARTICLE{Fattal:02,
  title={Gradient domain high dynamic range compression},
  author={Fattal, Raanan and Lischinski, Dani and Werman, Michael},
  journal={ACM Transactions on Graphics (TOG)},
  volume={21},
  number={3},
  pages={249--256},
  year={2002},
  organization={ACM}
}

@INPROCEEDINGS{Tomasi:98,
  author =	 {Tomasi, C. and Manduchi, R.},
  title =	 {Bilateral Filtering for Gray and Color Images},
  booktitle =	 {ICCV '98: Proceedings of the Sixth International
                  Conference on Computer Vision},
  year =	 1998,
  pages =	 {839-846},
  isbn =	 {81-7319-221-9},
  publisher =	 {IEEE Computer Society},
  address =	 {Washington, DC, USA}
}

@article{Perona:90,
  title={Scale-space and edge detection using anisotropic diffusion},
  author={Perona, P. and Malik, J.},
  journal={IEEE Transactions on Pattern Analysis and Machine
                  Intelligence},
  volume=12,
  number=7,
  pages={629--639},
  year=1990,
  publisher={IEEE}
}
